@manual{diagrama-de-caso-de-uso,
author={CHART, Lucid},
title={Diagrama de caso de uso UML: O que é, como fazer e exemplos},
journal={LucidChart},
language={brazilian},
origlanguage={brazilian},
url={https://www.lucidchart.com/pages/pt/diagrama-de-caso-de-uso-uml}
}

https://www.lucidchart.com/pages/pt/diagrama-de-caso-de-uso-uml

@article{requisitos-o-que-sao,
    author = {Cunha, Fernando},
    title = {Requisitos funcionais e não funcionais: o que são?},
    journal = {Mestres da Web},
    year = {2022},
    language={brazilian},
    origlanguage={brazilian},
    url={https://www.mestresdaweb.com.br/tecnologias/requisitos-funcionais-e-nao-funcionais-o-que-sao}
}